@report{AI2018CW,
	author = {Wang, Wenjia},
	title = {Artificial Intelligence Modules (CMP6040, 7028) Coursework Specification},
	year={2018}
}

@book{NLTK,
	author = {Bird, Steven, Edward Loper and Ewan Klein},
	title = {Natural Language Processing with Python},
	year = {2009},
	OPTpublisher = {Oâ€™Reilly Media Inc.},
	OPTurl = {http://www.nltk.org/},
	OPTurldate = {Accessed on 30/10/2018},
}

@phdthesis{Guile09,
   Author = {{Guile, G.}},
   Title = {Boosting Ensemble Techniques for Microarray Data Analysis},
   School = {University of East Anglia},
   Year = {2009} }

@book{Kopka04,
  title="{Guide to LaTeX}",
  author="{Kopka, H. and Daly, P. W.}",
  year="{2004}",
  publisher="{Addison \& Wesley}"
}


@misc{TflTravelBot,
	author = {TFL},
	title = {Tfl TravelBot},
	year = {2020},
	howpublished = {\url{https://www.facebook.com/tfltravelbot/}}
}

@inproceedings{roller2020recipes,
	author={Stephen Roller, Emily Dinan, Naman Goyal, Da Ju, Mary Williamson, Yinhan Liu, Jing Xu, Myle Ott, Kurt Shuster, Eric M. Smith, Y-Lan Boureau, Jason Weston},
	title={Recipes for building an open-domain chatbot},
	journal={arXiv preprint arXiv:2004.13637},
	year={2020},
	howpublished = {\url{https://arxiv.org/abs/2004.13637}}	
}

@misc{Google Assistant,
	author = {Google},
	title = {Google Assistant},
	year = {2016},
	howpublished = {\url{https://assistant.google.com/intl/en_uk/}}
}

   
